<record xmlns:xsi="http://www.w3.org/2001/XMLSchema-instance" xmlns="http://www.loc.gov/MARC21/slim" xsi:schemaLocation="http://www.loc.gov/MARC21/slim http://www.loc.gov/standards/marcxml/schema/MARC21slim.xsd">

  <leader>00929nam a2200217Ia 4500</leader>
  <datafield ind1=" " ind2=" " tag="999">
    <subfield code="c">2020</subfield>
    <subfield code="d">2020</subfield>
  </datafield>
  <controlfield tag="008">180705b2012    CR ||||| |||| 00| | spa d</controlfield>
  <datafield tag="090" ind2=" " ind1=" ">
    <subfield code="a">06.06.02</subfield>
    <subfield code="b"> 2128</subfield>
  </datafield>
  <datafield ind1=" " ind2=" " tag="100">
    <subfield code="a">Solís Alpízar, Magda</subfield>
    <subfield code="9">3928</subfield>
    <subfield code="e">Coordinador/a</subfield>
  </datafield>
  <datafield ind2="3" ind1="1" tag="245">
    <subfield code="a">La investigación educativa en los procesos de formación inical docente de primaria en universidades públicas y privadas de Costa Rica / </subfield>
    <subfield code="c">Magda Solís Alpízar, coordinadora, Malena Amador Venegas, Yirlania Díaz Rojas, Mercedes Rodríguez Pagani</subfield>
  </datafield>
  <datafield ind1=" " ind2=" " tag="260">
    <subfield code="a">San José, Costa Rica : </subfield>
    <subfield code="b">MEP, </subfield>
    <subfield code="b">CECC/SICA, </subfield>
    <subfield code="c">2012</subfield>
  </datafield>
  <datafield ind1=" " ind2=" " tag="300">
    <subfield code="a">82 páginas</subfield>
  </datafield>
  <datafield tag="650" ind1="1" ind2="4">
    <subfield code="a">FORMACIÓN DE DOCENTES</subfield>
    <subfield code="9">9</subfield>
  </datafield>
  <datafield ind2="4" ind1="1" tag="650">
    <subfield code="a">EDUCACIÓN PRIMARIA</subfield>
    <subfield code="9">367</subfield>
  </datafield>
  <datafield tag="650" ind1="1" ind2="4">
    <subfield code="a">INVESTIGACIÓN EDUCATIVA</subfield>
    <subfield code="9">326</subfield>
  </datafield>
  <datafield tag="650" ind1="1" ind2="4">
    <subfield code="a">PROGRAMA DE ESTUDIOS</subfield>
    <subfield code="9">1364</subfield>
  </datafield>
  <datafield tag="650" ind1="1" ind2="4">
    <subfield code="a">UNIVERSIDADES </subfield>
    <subfield code="9">16</subfield>
  </datafield>
  <datafield tag="700" ind2=" " ind1=" ">
    <subfield code="a">Amador Venegas, Malena </subfield>
    <subfield code="9">3929</subfield>
  </datafield>
  <datafield tag="700" ind1=" " ind2=" ">
    <subfield code="a">Díaz Rojas, Yirlania </subfield>
    <subfield code="9">3930</subfield>
  </datafield>
  <datafield ind1=" " ind2=" " tag="700">
    <subfield code="a">Rodríguez Pagani, Mercedes</subfield>
    <subfield code="9">3931</subfield>
  </datafield>
  <datafield ind1=" " ind2=" " tag="942">
    <subfield code="2">z</subfield>
    <subfield code="c">01</subfield>
  </datafield>
</record>